@Misc{mpi-io-test,
  key = 	 {mpi-io-test},
  author = 	 {Argonne National Laboratory},
  title = 	 {mpi-io-test.c},
  url = 	 {\url{http://mirror.anl.gov/pub/pvfs2/tests/mpi-io-test.c}}
}



