@Misc{guide,
howpublished = {{PVFS2 Internal Documentation included in the source code package}},
  author      = {PVFS Development Team},
  title       = {{Parallel Virtual File System Version 2}},
 year = 2003
}
